<record><leader>00000cas a22000007a 4500</leader><controlfield tag="001">21056766</controlfield><controlfield tag="008">900213d19371967nyuwr ne      0    0eng d</controlfield><datafield ind1=" " ind2=" " tag="010"><subfield code="a">sn 90066006 </subfield></datafield><datafield ind1=" " ind2=" " tag="040"><subfield code="a">NYS</subfield><subfield code="b">eng</subfield><subfield code="c">NYS</subfield><subfield code="d">OCLCQ</subfield></datafield><datafield ind1=" " ind2=" " tag="042"><subfield code="a">msc</subfield></datafield><datafield ind1="0" ind2=" " tag="130"><subfield code="a">Ovid gazette and independent (Ovid, N.Y. : 1937)</subfield></datafield><datafield ind1="1" ind2="4" tag="245"><subfield code="a">The Ovid gazette and independent.</subfield></datafield><datafield ind1=" " ind2=" " tag="260"><subfield code="a">Ovid, N.Y. :</subfield><subfield code="b">S.E. Mekeel</subfield></datafield><datafield ind1=" " ind2=" " tag="300"><subfield code="a">v.</subfield></datafield><datafield ind1=" " ind2=" " tag="310"><subfield code="a">Weekly</subfield></datafield><datafield ind1="0" ind2=" " tag="362"><subfield code="a">Vol. 36, no. 43 (Oct. 22, 1937)-v. 152, no. 2 (Jan. 12, 1967).</subfield></datafield><datafield ind1=" " ind2="4" tag="651"><subfield code="a">Ovid (N.Y.)</subfield><subfield code="v">Newspapers.</subfield></datafield><datafield ind1=" " ind2=" " tag="752"><subfield code="a">United States</subfield><subfield code="b">New York</subfield><subfield code="c">Seneca</subfield><subfield code="d">Ovid.</subfield></datafield><datafield ind1="0" ind2="0" tag="780"><subfield code="t">Ovid gazette (Ovid, N.Y. : 1934)</subfield><subfield code="w">(DLC)sn 90066005</subfield></datafield><datafield ind1="0" ind2="0" tag="785"><subfield code="t">Ovid gazette (Ovid, N.Y. : 1967)</subfield><subfield code="w">(DLC)sn 83007776</subfield></datafield><datafield ind1="1" ind2=" " tag="029"><subfield code="a">AU@</subfield><subfield code="b">000020591505</subfield></datafield></record>